@article{Albores-Saavedra2011,
  author    = {Albores-Saavedra, Jorge and Chable-Montero, Fredy and Angeles-Albores, David and Schwartz, Arnold and Klimstra, David S. and Henson, Donald E.},
  doi       = {10.1309/AJCPFRKCFEDLV03Y},
  file      = {:Users/dangeles/Documents/Mendeley Desktop/Albores-Saavedra et al. - 2011 - Early Gallbladder Carcinoma.pdf:pdf},
  issn      = {0002-9173},
  journal   = {American Journal of Clinical Pathology},
  keywords  = {adenocarcinoma,carcinoma,carcinoma, pancreatic ductal,cholecystectomy,cholelithiasis,follow-up,gallbladder carcinoma,incidental findings,lost to follow-up,neoplasm metastasis,pancreaticoduodenectomy,small cell carcinoma of lung,undifferentiated carcinoma},
  month     = {4},
  number    = {4},
  pages     = {637--642},
  publisher = {Oxford University Press},
  title     = {{Early Gallbladder Carcinoma}},
  url       = {https://academic.oup.com/ajcp/article-lookup/doi/10.1309/AJCPFRKCFEDLV03Y},
  volume    = {135},
  year      = {2011}
}


@article{Albores-Saavedra2011a,
  author   = {Albores-Saavedra, Jorge and Schwartz, Arnold M. and Henson, Donald E. and Kostun, Lara and Hart, Alexandra and Angeles-Albores, David and Chabl{\'{e}}-Montero, Fredy},
  doi      = {10.1016/j.anndiagpath.2010.07.012},
  issn     = {10929134},
  journal  = {Annals of Diagnostic Pathology},
  keywords = {Anatomical site,Cutaneous angiosarcoma,Histologic grade,Survival rate},
  number   = {2},
  pages    = {93--97},
  pmid     = {21190880},
  title    = {{Cutaneous angiosarcoma. Analysis of 434 cases from the surveillance, epidemiology, and end results program, 1973-2007}},
  volume   = {15},
  year     = {2011}
}


@article{Albright2023,
  author  = {Ashley R. Albright and David Angeles-Albores and Wallace Marshall},
  title   = {Genome wide-analysis of anterior-posterior mRNA localization in
             \emph{Stentor coeruleus} reveals a role for the microtubule
             cytoskeleton},
  journal = {bioRxiv},
  year    = {2023},
  doi     = {https://doi.org/10.1101/2023.01.09.523364},
  url     = {https://www.biorxiv.org/content/10.1101/2023.01.09.523364v1}
}

@article{Angeles-Albores2016,
  author          = {Angeles-Albores, David and {N. Lee}, Raymond Y. and Chan, Juancarlos and Sternberg, Paul W.},
  doi             = {10.1186/s12859-016-1229-9},
  file            = {:Users/dangeles/Documents/Mendeley Desktop/Angeles-Albores et al. - 2016 - Tissue enrichment analysis for C. elegans genomics.pdf:pdf},
  issn            = {1471-2105},
  journal         = {BMC Bioinformatics},
  keywords        = {anatomy ontology,gene ontology,high-throughput biology,rna-seq,wormbase},
  mendeley-groups = {PastPapers/MPRSQ,PastPapers/Fog2Aging,PastPapers/PEA,AllelicSeries},
  number          = {1},
  pages           = {366},
  publisher       = {BMC Bioinformatics},
  title           = {{Tissue enrichment analysis for \emph{C.~elegans} genomics}},
  url             = {http://bmcbioinformatics.biomedcentral.com/articles/10.1186/s12859-016-1229-9},
  volume          = {17},
  year            = {2016}
}


@article{Angeles-Albores2017a,
  author = {Angeles-Albores$^\dagger$, David and Leighton$^\dagger$, Daniel H W and Tsou, Tiffany and Khaw, Tiffany H and Antoshechkin, Igor and Sternberg, Paul W},
  doi             = {10.1534/g3.117.300080},
  issn            = {2160-1836},
  journal         = {G3 (Bethesda, Md.)},
  keywords        = {RNA-seq,aging,epistasis,genetic interactions,germline sex determination,life cycle},
  mendeley-groups = {GeneticsTheory,PastPapers/MPRSQ},
  number          = {9},
  pages           = {2969--2977},
  pmid            = {28751504},
  title           = {{The \emph{Caenorhabditis~elegans} Female-Like State: Decoupling the Transcriptomic Effects of Aging and Sperm Status.}},
  url             = {http://www.ncbi.nlm.nih.gov/pubmed/28751504{\%}0Ahttp://www.pubmedcentral.nih.gov/articlerender.fcgi?artid=PMC5592924},
  volume          = {7},
  year            = {2017}
}

@article{Angeles-Albores2018,
  author = {Angeles-Albores$^\dagger$, David and Puckett Robinson$^\dagger$, Carmie and Williams, Brian A. and Wold, Barbara J. and Sternberg, Paul W.},
  doi     = {10.1073/pnas.1712387115},
  issn    = {0027-8424},
  journal = {Proceedings of the National Academy of Sciences},
  pages   = {201712387},
  pmid    = {29531064},
  title   = {{Reconstructing a metazoan genetic pathway with transcriptome-wide epistasis measurements}},
  url     = {http://www.pnas.org/lookup/doi/10.1073/pnas.1712387115},
  year    = {2018}
}


@article{Angeles-Albores2018b,
  author    = {Angeles-Albores, David and Sternberg, Paul W},
  doi       = {10.1534/genetics.118.301133},
  file      = {:Users/dangeles/Documents/Mendeley Desktop/Angeles-Albores, Sternberg - 2018 - Analysis of Allelic Series with Transcriptomic Phenotypes.pdf:pdf},
  issn      = {1943-2631},
  journal   = {Genetics},
  keywords  = {cdk8,dominance,genetic interactions,mediator,ras,transcriptome,wnt},
  month     = {7},
  pages     = {genetics.301133.2018},
  pmid      = {30030292},
  publisher = {Genetics},
  title     = {{Using Transcriptomes as Mutant Phenotypes Reveals Functional Regions of a Mediator Subunit in \emph{Caenorhabditis~elegans}}},
  url       = {http://www.ncbi.nlm.nih.gov/pubmed/30030292},
  year      = {2018}
}

@article{Angeles2018micro,
  author   = {Angeles-Albores, David and {N. Lee}, Raymond Y. and Chan, Juancarlos and Sternberg, Paul W.},
  doi      = {10.17912/W25Q2N},
  journal  = {microPublication Biology},
  month    = {},
  number   = {},
  pages    = {},
  title    = {{Two new functions in the WormBase Enrichment Suite}},
  year     = {2018},
  keywords = {micropublication}
}

@article{angelesalbores2023,
  author  = {Angeles-Albores, David and Aprison, Erin Z and Dzitoyeva, Svetlana and Ruvinsky, Ilya},
  title   = {A \emph{Caenorhabditis~elegans} Male Pheromone Feminizes Germline Gene Expression in Hermaphrodites and Imposes Life-History Costs},
  journal = {Molecular Biology and Evolution},
  volume  = {40},
  number  = {6},
  pages   = {msad119},
  year    = {2023},
  month   = {05}
}
@article{Aprison2022,
  author  = {Erin Z. Aprison  and Svetlana Dzitoyeva  and David Angeles-Albores  and Ilya Ruvinsky},
  title   = {A male pheromone that improves the quality of the oogenic germline},
  journal = {Proceedings of the National Academy of Sciences},
  volume  = {119},
  number  = {21},
  pages   = {e2015576119},
  year    = {2022},
  doi     = {10.1073/pnas.2015576119},
  url     = {https://www.pnas.org/doi/abs/10.1073/pnas.2015576119},
  eprint  = {https://www.pnas.org/doi/pdf/10.1073/pnas.2015576119}
}

@article{Basta2020,
  author   = {Basta, David W. and Angeles-Albores, David and Spero, Melanie A. and Ciemniecki, John A. and Newman, Dianne K.},
  doi      = {10.1073/pnas.1912082117},
  issn     = {10916490},
  journal  = {Proceedings of the National Academy of Sciences of the United States of America},
  keywords = {FtsH,Growth arrest,Proteostasis,Pseudomonas aeruginosa,Survival},
  pmid     = {32029587},
  title    = {{Heat-shock proteases promote survival of \emph{Pseudomonas~aeruginosa} during growth arrest}},
  year     = {2020}
}

@article{DUNCAN2022165,
  author     = {Elizabeth M. Duncan and Stephanie H. Nowotarski and Carlos Guerrero-Hern{\'a}ndez and Eric J. Ross and Julia A. D'Orazio and Workshop f. D. B. Clubes de Ciencia MÃ©xico and Sean McKinney and Mark C. McHargue and Longhua Guo and Melainia McClain and Alejandro S{\'a}nchez Alvarado},
  doi        = {https://doi.org/10.1016/j.ydbio.2022.06.003},
  issn       = {0012-1606},
  journal    = {Developmental Biology},
  keywords   = {Planarian, Girardia, Mexico, Regeneration, Stem cells},
  pages      = {165-177},
  title      = {Molecular characterization of a flatworm \emph{Girardia} isolate from Guanajuato, Mexico},
  url        = {https://www.sciencedirect.com/science/article/pii/S0012160622001129},
  volume     = {489},
  year       = {2022},
  bdsk-url-1 = {https://www.sciencedirect.com/science/article/pii/S0012160622001129},
  bdsk-url-2 = {https://doi.org/10.1016/j.ydbio.2022.06.003}
}


@article{egen2023,
  author     = {Anand, Ranjith P. and Layer, Jacob V. and Heja, David and Hirose, Takayuki and Lassiter, Grace and Firl, Daniel J. and Paragas, Violette B. and Akkad, Adam and Chhangawala, Sagar and Colvin, Robert B. and Ernst, Russell J. and Esch, Nicholas and Getchell, Kristen and Griffin, Alexandra K. and Guo, Xiaoyun and Hall, Katherine C. and Hamilton, Paula and Kalekar, Lokesh A. and Kan, Yinan and Karadagi, Ahmad and Li, Feng and Low, Susan C. and Matheson, Rudy and Nehring, Claudia and Otsuka, Ryo and Pandelakis, Matthew and Policastro, Robert A. and Pols, Rebecca and Queiroz, Luis and Rosales, Ivy A. and Serkin, William T. and Stiede, Kathryn and Tomosugi, Toshihide and Xue, Yongqiang and Zentner, Gabriel E. and Angeles-Albores, David and Chris Chao, J. and Crabtree, Juliet N. and Harken, Sierra and Hinkle, Nicole and Lemos, Tania and Li, Mailin and Pantano, Lorena and Stevens, Denise and Subedar, Omar D. and Tan, Xiaoqing and Yin, Shiyi and Anwar, Imran J. and Aufhauser, David and Capuano, Saverio and Kaufman, Dixon B. and Knechtle, Stuart J. and Kwun, Jean and Shanmuganayagam, Dhanansayan and Markmann, James F. and Church, George M. and Curtis, Mike and Kawai, Tatsuo and Youd, Michele E. and Qin, Wenning},
  doi        = {10.1038/s41586-023-06594-4},
  id         = {Anand2023},
  isbn       = {1476-4687},
  journal    = {Nature},
  number     = {7982},
  pages      = {393--401},
  title      = {Design and testing of a humanized porcine donor for xenotransplantation},
  url        = {https://doi.org/10.1038/s41586-023-06594-4},
  volume     = {622},
  year       = {2023},
  bdsk-url-1 = {https://doi.org/10.1038/s41586-023-06594-4}
}

#@article{wrad013,
  author     = {Yu, Xiaoqian Annie and McLean, Craig and Hehemann, Jan-Hendrik and Angeles-Albores, David and Wu, Fuqing and Muszy{\'n}ski, Artur and Corzett, Christopher H and Azadi, Parastoo and Kujawinski, Elizabeth B and Alm, Eric J and Polz, Martin F},
  doi        = {10.1093/ismejo/wrad013},
  eprint     = {https://academic.oup.com/ismej/article-pdf/18/1/wrad013/56820904/wrad013.pdf},
  issn       = {1751-7362},
  journal    = {The ISME Journal},
  month      = {01},
  number     = {1},
  pages      = {wrad013},
  title      = {{Low-level resource partitioning supports coexistence among functionally redundant bacteria during successional dynamics}},
  url        = {https://doi.org/10.1093/ismejo/wrad013},
  volume     = {18},
  year       = {2024},
  bdsk-url-1 = {https://doi.org/10.1093/ismejo/wrad013}
}


i
